<?xml version="1.0" encoding="UTF-8"?><collection xmlns="http://www.loc.gov/MARC21/slim"><record><leader>00561nam--2200181-i-4500</leader><controlfield tag="001">000010550</controlfield><controlfield tag="002">20161230</controlfield><controlfield tag="005">20161230201028</controlfield><controlfield tag="008">060222s1000------------r-----000-0-fre-d</controlfield><datafield ind1=" " ind2=" " tag="040"><subfield code="a">IFIN-HH</subfield></datafield><datafield ind1=" " ind2=" " tag="041"><subfield code="a">fre</subfield></datafield><datafield ind1=" " ind2=" " tag="080"><subfield code="a">015:535.377</subfield></datafield><datafield ind1="1" ind2=" " tag="100"><subfield code="a">Darnand, Henri</subfield></datafield><datafield ind1="1" ind2="0" tag="245"><subfield code="a">Realisation d'un asservissement de temperature pour l'etude de courants stimules thermiquement et de phenomenes de luminischence</subfield><subfield code="b">These</subfield><subfield code="c">Henri darnand</subfield></datafield><datafield ind1=" " ind2=" " tag="260"><subfield code="a">Lyon</subfield><subfield code="b">Universite Claude Bernard</subfield><subfield code="c">1971</subfield></datafield><datafield ind1=" " ind2=" " tag="300"><subfield code="a">43P</subfield></datafield><datafield ind1=" " ind2=" " tag="852"><subfield code="a">38047</subfield><subfield code="c">535.37</subfield></datafield><datafield ind1=" " ind2=" " tag="CAT"><subfield code="a">Sys</subfield><subfield code="c">20110413</subfield><subfield code="h">163500</subfield></datafield></record></collection>